%YAML 1.1
%TAG !u! tag:unity3d.com,2011:
--- !u!29 &1
OcclusionCullingSettings:
  m_ObjectHideFlags: 0
  serializedVersion: 2
  m_OcclusionBakeSettings:
    smallestOccluder: 5
    smallestHole: 0.25
    backfaceThreshold: 100
  m_SceneGUID: 00000000000000000000000000000000
  m_OcclusionCullingData: {fileID: 0}
--- !u!104 &2
RenderSettings:
  m_ObjectHideFlags: 0
  serializedVersion: 9
  m_Fog: 0
  m_FogColor: {r: 0.5, g: 0.5, b: 0.5, a: 1}
  m_FogMode: 3
  m_FogDensity: 0.01
  m_LinearFogStart: 0
  m_LinearFogEnd: 300
  m_AmbientSkyColor: {r: 0.212, g: 0.227, b: 0.259, a: 1}
  m_AmbientEquatorColor: {r: 0.114, g: 0.125, b: 0.133, a: 1}
  m_AmbientGroundColor: {r: 0.047, g: 0.043, b: 0.035, a: 1}
  m_AmbientIntensity: 1
  m_AmbientMode: 0
  m_SubtractiveShadowColor: {r: 0.42, g: 0.478, b: 0.627, a: 1}
  m_SkyboxMaterial: {fileID: 10304, guid: 0000000000000000f000000000000000, type: 0}
  m_HaloStrength: 0.5
  m_FlareStrength: 1
  m_FlareFadeSpeed: 3
  m_HaloTexture: {fileID: 0}
  m_SpotCookie: {fileID: 10001, guid: 0000000000000000e000000000000000, type: 0}
  m_DefaultReflectionMode: 0
  m_DefaultReflectionResolution: 128
  m_ReflectionBounces: 1
  m_ReflectionIntensity: 1
  m_CustomReflection: {fileID: 0}
  m_Sun: {fileID: 0}
  m_IndirectSpecularColor: {r: 0.44657815, g: 0.49641192, b: 0.57481617, a: 1}
  m_UseRadianceAmbientProbe: 0
--- !u!157 &3
LightmapSettings:
  m_ObjectHideFlags: 0
  serializedVersion: 12
  m_GIWorkflowMode: 1
  m_GISettings:
    serializedVersion: 2
    m_BounceScale: 1
    m_IndirectOutputScale: 1
    m_AlbedoBoost: 1
    m_EnvironmentLightingMode: 0
    m_EnableBakedLightmaps: 1
    m_EnableRealtimeLightmaps: 0
  m_LightmapEditorSettings:
    serializedVersion: 12
    m_Resolution: 2
    m_BakeResolution: 40
    m_AtlasSize: 1024
    m_AO: 0
    m_AOMaxDistance: 1
    m_CompAOExponent: 1
    m_CompAOExponentDirect: 0
    m_ExtractAmbientOcclusion: 0
    m_Padding: 2
    m_LightmapParameters: {fileID: 0}
    m_LightmapsBakeMode: 1
    m_TextureCompression: 1
    m_FinalGather: 0
    m_FinalGatherFiltering: 1
    m_FinalGatherRayCount: 256
    m_ReflectionCompression: 2
    m_MixedBakeMode: 2
    m_BakeBackend: 1
    m_PVRSampling: 1
    m_PVRDirectSampleCount: 32
    m_PVRSampleCount: 512
    m_PVRBounces: 2
    m_PVREnvironmentSampleCount: 256
    m_PVREnvironmentReferencePointCount: 2048
    m_PVRFilteringMode: 1
    m_PVRDenoiserTypeDirect: 1
    m_PVRDenoiserTypeIndirect: 1
    m_PVRDenoiserTypeAO: 1
    m_PVRFilterTypeDirect: 0
    m_PVRFilterTypeIndirect: 0
    m_PVRFilterTypeAO: 0
    m_PVREnvironmentMIS: 1
    m_PVRCulling: 1
    m_PVRFilteringGaussRadiusDirect: 1
    m_PVRFilteringGaussRadiusIndirect: 5
    m_PVRFilteringGaussRadiusAO: 2
    m_PVRFilteringAtrousPositionSigmaDirect: 0.5
    m_PVRFilteringAtrousPositionSigmaIndirect: 2
    m_PVRFilteringAtrousPositionSigmaAO: 1
    m_ExportTrainingData: 0
    m_TrainingDataDestination: TrainingData
    m_LightProbeSampleCountMultiplier: 4
  m_LightingDataAsset: {fileID: 0}
  m_LightingSettings: {fileID: 0}
--- !u!196 &4
NavMeshSettings:
  serializedVersion: 2
  m_ObjectHideFlags: 0
  m_BuildSettings:
    serializedVersion: 2
    agentTypeID: 0
    agentRadius: 0.5
    agentHeight: 2
    agentSlope: 45
    agentClimb: 0.4
    ledgeDropHeight: 0
    maxJumpAcrossDistance: 0
    minRegionArea: 2
    manualCellSize: 0
    cellSize: 0.16666667
    manualTileSize: 0
    tileSize: 256
    accuratePlacement: 0
    maxJobWorkers: 0
    preserveTilesOutsideBounds: 0
    debug:
      m_Flags: 0
  m_NavMeshData: {fileID: 0}
--- !u!114 &32472275 stripped
MonoBehaviour:
  m_CorrespondingSourceObject: {fileID: 6083699465826101844, guid: f7b8fb7fe6fb34932b754b6086107d35, type: 3}
  m_PrefabInstance: {fileID: 3674732250192442355}
  m_PrefabAsset: {fileID: 0}
  m_GameObject: {fileID: 0}
  m_Enabled: 1
  m_EditorHideFlags: 0
  m_Script: {fileID: 11500000, guid: a7d3f50061ae405f98312ddac319167a, type: 3}
  m_Name: 
  m_EditorClassIdentifier: 
--- !u!1 &151746483
GameObject:
  m_ObjectHideFlags: 0
  m_CorrespondingSourceObject: {fileID: 0}
  m_PrefabInstance: {fileID: 0}
  m_PrefabAsset: {fileID: 0}
  serializedVersion: 6
  m_Component:
  - component: {fileID: 151746485}
  - component: {fileID: 151746484}
  m_Layer: 0
  m_Name: '[SceneRoot]'
  m_TagString: Untagged
  m_Icon: {fileID: 0}
  m_NavMeshLayer: 0
  m_StaticEditorFlags: 0
  m_IsActive: 1
--- !u!114 &151746484
MonoBehaviour:
  m_ObjectHideFlags: 0
  m_CorrespondingSourceObject: {fileID: 0}
  m_PrefabInstance: {fileID: 0}
  m_PrefabAsset: {fileID: 0}
  m_GameObject: {fileID: 151746483}
  m_Enabled: 1
  m_EditorHideFlags: 0
  m_Script: {fileID: 11500000, guid: 8e01e2f6759744c07aa253bf1874b2ad, type: 3}
  m_Name: 
  m_EditorClassIdentifier: 
  _simulationBackend: 0
  _environmentConfig: {fileID: 11400000, guid: 33ac382d2a9f1437192be19199a488aa, type: 2}
  _ballConfig: {fileID: 11400000, guid: 6395990c991934eb5818ca3783b9ddc7, type: 2}
  _cursorConfig: {fileID: 11400000, guid: c045444b8b9124386a7d260c0846b433, type: 2}
  _accelerationSlider: {fileID: 444505258}
  _cursorValueSlider: {fileID: 3674732250192442358}
  _velocitySlider: {fileID: 32472275}
  _ttsScreen: {fileID: 6995148609601105628}
  _simulationScreen: {fileID: 3674732250192442357}
  _sceneReferences:
    _finishBorder: {fileID: 698386595}
    _startBorder: {fileID: 3331619550275217787}
    _physicsBorders:
    - {fileID: 7417427366129186174}
    - {fileID: 7417427366129186173}
--- !u!4 &151746485
Transform:
  m_ObjectHideFlags: 0
  m_CorrespondingSourceObject: {fileID: 0}
  m_PrefabInstance: {fileID: 0}
  m_PrefabAsset: {fileID: 0}
  m_GameObject: {fileID: 151746483}
  m_LocalRotation: {x: 0, y: 0, z: 0, w: 1}
  m_LocalPosition: {x: 0, y: 0, z: 0}
  m_LocalScale: {x: 1, y: 1, z: 1}
  m_Children:
  - {fileID: 790918759}
  m_Father: {fileID: 0}
  m_RootOrder: 0
  m_LocalEulerAnglesHint: {x: 0, y: 0, z: 0}
--- !u!1 &240349590
GameObject:
  m_ObjectHideFlags: 0
  m_CorrespondingSourceObject: {fileID: 0}
  m_PrefabInstance: {fileID: 0}
  m_PrefabAsset: {fileID: 0}
  serializedVersion: 6
  m_Component:
  - component: {fileID: 240349591}
  - component: {fileID: 240349592}
  m_Layer: 0
  m_Name: TargetGroup1
  m_TagString: Untagged
  m_Icon: {fileID: 0}
  m_NavMeshLayer: 0
  m_StaticEditorFlags: 0
  m_IsActive: 1
--- !u!4 &240349591
Transform:
  m_ObjectHideFlags: 0
  m_CorrespondingSourceObject: {fileID: 0}
  m_PrefabInstance: {fileID: 0}
  m_PrefabAsset: {fileID: 0}
  m_GameObject: {fileID: 240349590}
  m_LocalRotation: {x: -0, y: -0, z: -0, w: 1}
  m_LocalPosition: {x: -0.11474974, y: 0.5, z: -0.20565866}
  m_LocalScale: {x: 1, y: 1, z: 1}
  m_Children: []
  m_Father: {fileID: 790918759}
  m_RootOrder: 1
  m_LocalEulerAnglesHint: {x: 0, y: 0, z: 0}
--- !u!114 &240349592
MonoBehaviour:
  m_ObjectHideFlags: 0
  m_CorrespondingSourceObject: {fileID: 0}
  m_PrefabInstance: {fileID: 0}
  m_PrefabAsset: {fileID: 0}
  m_GameObject: {fileID: 240349590}
  m_Enabled: 1
  m_EditorHideFlags: 0
  m_Script: {fileID: 11500000, guid: e5eb80d8e62d9d145bb50fb783c0f731, type: 3}
  m_Name: 
  m_EditorClassIdentifier: 
  m_PositionMode: 0
  m_RotationMode: 0
  m_UpdateMethod: 2
  m_Targets:
  - target: {fileID: 1536619483}
    weight: 1
    radius: 0
  - target: {fileID: 914149295}
    weight: 1
    radius: 0
--- !u!1 &276176581
GameObject:
  m_ObjectHideFlags: 0
  m_CorrespondingSourceObject: {fileID: 0}
  m_PrefabInstance: {fileID: 0}
  m_PrefabAsset: {fileID: 0}
  serializedVersion: 6
  m_Component:
  - component: {fileID: 276176585}
  - component: {fileID: 276176584}
  - component: {fileID: 276176583}
  - component: {fileID: 276176582}
  m_Layer: 5
  m_Name: '[UIRoot]'
  m_TagString: Untagged
  m_Icon: {fileID: 0}
  m_NavMeshLayer: 0
  m_StaticEditorFlags: 0
  m_IsActive: 1
--- !u!114 &276176582
MonoBehaviour:
  m_ObjectHideFlags: 0
  m_CorrespondingSourceObject: {fileID: 0}
  m_PrefabInstance: {fileID: 0}
  m_PrefabAsset: {fileID: 0}
  m_GameObject: {fileID: 276176581}
  m_Enabled: 1
  m_EditorHideFlags: 0
  m_Script: {fileID: 11500000, guid: dc42784cf147c0c48a680349fa168899, type: 3}
  m_Name: 
  m_EditorClassIdentifier: 
  m_IgnoreReversedGraphics: 1
  m_BlockingObjects: 0
  m_BlockingMask:
    serializedVersion: 2
    m_Bits: 4294967295
--- !u!114 &276176583
MonoBehaviour:
  m_ObjectHideFlags: 0
  m_CorrespondingSourceObject: {fileID: 0}
  m_PrefabInstance: {fileID: 0}
  m_PrefabAsset: {fileID: 0}
  m_GameObject: {fileID: 276176581}
  m_Enabled: 1
  m_EditorHideFlags: 0
  m_Script: {fileID: 11500000, guid: 0cd44c1031e13a943bb63640046fad76, type: 3}
  m_Name: 
  m_EditorClassIdentifier: 
  m_UiScaleMode: 1
  m_ReferencePixelsPerUnit: 100
  m_ScaleFactor: 1
  m_ReferenceResolution: {x: 1920, y: 1080}
  m_ScreenMatchMode: 1
  m_MatchWidthOrHeight: 0
  m_PhysicalUnit: 3
  m_FallbackScreenDPI: 96
  m_DefaultSpriteDPI: 96
  m_DynamicPixelsPerUnit: 1
  m_PresetInfoIsWorld: 0
--- !u!223 &276176584
Canvas:
  m_ObjectHideFlags: 0
  m_CorrespondingSourceObject: {fileID: 0}
  m_PrefabInstance: {fileID: 0}
  m_PrefabAsset: {fileID: 0}
  m_GameObject: {fileID: 276176581}
  m_Enabled: 1
  serializedVersion: 3
  m_RenderMode: 0
  m_Camera: {fileID: 0}
  m_PlaneDistance: 100
  m_PixelPerfect: 0
  m_ReceivesEvents: 1
  m_OverrideSorting: 0
  m_OverridePixelPerfect: 0
  m_SortingBucketNormalizedSize: 0
  m_AdditionalShaderChannelsFlag: 25
  m_SortingLayerID: 0
  m_SortingOrder: 0
  m_TargetDisplay: 0
--- !u!224 &276176585
RectTransform:
  m_ObjectHideFlags: 0
  m_CorrespondingSourceObject: {fileID: 0}
  m_PrefabInstance: {fileID: 0}
  m_PrefabAsset: {fileID: 0}
  m_GameObject: {fileID: 276176581}
  m_LocalRotation: {x: 0, y: 0, z: 0, w: 1}
  m_LocalPosition: {x: 0, y: 0, z: 0}
  m_LocalScale: {x: 0, y: 0, z: 0}
  m_Children:
  - {fileID: 3163998415096226169}
  - {fileID: 3674732250192442356}
  m_Father: {fileID: 0}
  m_RootOrder: 3
  m_LocalEulerAnglesHint: {x: 0, y: 0, z: 0}
  m_AnchorMin: {x: 0, y: 0}
  m_AnchorMax: {x: 0, y: 0}
  m_AnchoredPosition: {x: 0, y: 0}
  m_SizeDelta: {x: 0, y: 0}
  m_Pivot: {x: 0, y: 0}
--- !u!1 &415511524
GameObject:
  m_ObjectHideFlags: 0
  m_CorrespondingSourceObject: {fileID: 0}
  m_PrefabInstance: {fileID: 0}
  m_PrefabAsset: {fileID: 0}
  serializedVersion: 6
  m_Component:
  - component: {fileID: 415511526}
  - component: {fileID: 415511525}
  m_Layer: 0
  m_Name: Directional Light
  m_TagString: Untagged
  m_Icon: {fileID: 0}
  m_NavMeshLayer: 0
  m_StaticEditorFlags: 0
  m_IsActive: 1
--- !u!108 &415511525
Light:
  m_ObjectHideFlags: 0
  m_CorrespondingSourceObject: {fileID: 0}
  m_PrefabInstance: {fileID: 0}
  m_PrefabAsset: {fileID: 0}
  m_GameObject: {fileID: 415511524}
  m_Enabled: 1
  serializedVersion: 10
  m_Type: 1
  m_Shape: 0
  m_Color: {r: 1, g: 0.95686275, b: 0.8392157, a: 1}
  m_Intensity: 1
  m_Range: 10
  m_SpotAngle: 30
  m_InnerSpotAngle: 21.80208
  m_CookieSize: 10
  m_Shadows:
    m_Type: 2
    m_Resolution: -1
    m_CustomResolution: -1
    m_Strength: 1
    m_Bias: 0.05
    m_NormalBias: 0.4
    m_NearPlane: 0.2
    m_CullingMatrixOverride:
      e00: 1
      e01: 0
      e02: 0
      e03: 0
      e10: 0
      e11: 1
      e12: 0
      e13: 0
      e20: 0
      e21: 0
      e22: 1
      e23: 0
      e30: 0
      e31: 0
      e32: 0
      e33: 1
    m_UseCullingMatrixOverride: 0
  m_Cookie: {fileID: 0}
  m_DrawHalo: 0
  m_Flare: {fileID: 0}
  m_RenderMode: 0
  m_CullingMask:
    serializedVersion: 2
    m_Bits: 4294967295
  m_RenderingLayerMask: 1
  m_Lightmapping: 4
  m_LightShadowCasterMode: 0
  m_AreaSize: {x: 1, y: 1}
  m_BounceIntensity: 1
  m_ColorTemperature: 6570
  m_UseColorTemperature: 0
  m_BoundingSphereOverride: {x: 0, y: 0, z: 0, w: 0}
  m_UseBoundingSphereOverride: 0
  m_UseViewFrustumForShadowCasterCull: 1
  m_ShadowRadius: 0
  m_ShadowAngle: 0
--- !u!4 &415511526
Transform:
  m_ObjectHideFlags: 0
  m_CorrespondingSourceObject: {fileID: 0}
  m_PrefabInstance: {fileID: 0}
  m_PrefabAsset: {fileID: 0}
  m_GameObject: {fileID: 415511524}
  m_LocalRotation: {x: 0.40821788, y: -0.23456968, z: 0.10938163, w: 0.8754261}
  m_LocalPosition: {x: 0, y: 3, z: 0}
  m_LocalScale: {x: 1, y: 1, z: 1}
  m_Children: []
  m_Father: {fileID: 0}
  m_RootOrder: 2
  m_LocalEulerAnglesHint: {x: 50, y: -30, z: 0}
--- !u!114 &444505258 stripped
MonoBehaviour:
  m_CorrespondingSourceObject: {fileID: 3674732250086960985, guid: f7b8fb7fe6fb34932b754b6086107d35, type: 3}
  m_PrefabInstance: {fileID: 3674732250192442355}
  m_PrefabAsset: {fileID: 0}
  m_GameObject: {fileID: 0}
  m_Enabled: 1
  m_EditorHideFlags: 0
  m_Script: {fileID: 11500000, guid: a7d3f50061ae405f98312ddac319167a, type: 3}
  m_Name: 
  m_EditorClassIdentifier: 
--- !u!114 &698386595 stripped
MonoBehaviour:
  m_CorrespondingSourceObject: {fileID: 2854797316977646430, guid: f1b7e10c179ba4a25afa6563952d142c, type: 3}
  m_PrefabInstance: {fileID: 4674919133586454514}
  m_PrefabAsset: {fileID: 0}
  m_GameObject: {fileID: 0}
  m_Enabled: 1
  m_EditorHideFlags: 0
  m_Script: {fileID: 11500000, guid: de71a7ae64224e699ffac68b240a86fc, type: 3}
  m_Name: 
  m_EditorClassIdentifier: 
--- !u!1 &790918758
GameObject:
  m_ObjectHideFlags: 0
  m_CorrespondingSourceObject: {fileID: 0}
  m_PrefabInstance: {fileID: 0}
  m_PrefabAsset: {fileID: 0}
  serializedVersion: 6
  m_Component:
  - component: {fileID: 790918759}
  m_Layer: 0
  m_Name: '[Cinemachine]'
  m_TagString: Untagged
  m_Icon: {fileID: 0}
  m_NavMeshLayer: 0
  m_StaticEditorFlags: 0
  m_IsActive: 1
--- !u!4 &790918759
Transform:
  m_ObjectHideFlags: 0
  m_CorrespondingSourceObject: {fileID: 0}
  m_PrefabInstance: {fileID: 0}
  m_PrefabAsset: {fileID: 0}
  m_GameObject: {fileID: 790918758}
  m_LocalRotation: {x: 0, y: 0, z: 0, w: 1}
  m_LocalPosition: {x: 0, y: 0, z: 0}
  m_LocalScale: {x: 1, y: 1, z: 1}
  m_Children:
  - {fileID: 1507170709}
  - {fileID: 240349591}
  m_Father: {fileID: 151746485}
  m_RootOrder: 0
  m_LocalEulerAnglesHint: {x: 0, y: 0, z: 0}
--- !u!1 &871171070
GameObject:
  m_ObjectHideFlags: 0
  m_CorrespondingSourceObject: {fileID: 0}
  m_PrefabInstance: {fileID: 0}
  m_PrefabAsset: {fileID: 0}
  serializedVersion: 6
  m_Component:
  - component: {fileID: 871171073}
  - component: {fileID: 871171072}
  - component: {fileID: 871171071}
  - component: {fileID: 871171074}
  - component: {fileID: 871171075}
  m_Layer: 0
  m_Name: Main Camera
  m_TagString: MainCamera
  m_Icon: {fileID: 0}
  m_NavMeshLayer: 0
  m_StaticEditorFlags: 0
  m_IsActive: 1
--- !u!81 &871171071
AudioListener:
  m_ObjectHideFlags: 0
  m_CorrespondingSourceObject: {fileID: 0}
  m_PrefabInstance: {fileID: 0}
  m_PrefabAsset: {fileID: 0}
  m_GameObject: {fileID: 871171070}
  m_Enabled: 1
--- !u!20 &871171072
Camera:
  m_ObjectHideFlags: 0
  m_CorrespondingSourceObject: {fileID: 0}
  m_PrefabInstance: {fileID: 0}
  m_PrefabAsset: {fileID: 0}
  m_GameObject: {fileID: 871171070}
  m_Enabled: 1
  serializedVersion: 2
  m_ClearFlags: 2
  m_BackGroundColor: {r: 0.45167318, g: 0.5381369, b: 0.5471698, a: 0}
  m_projectionMatrixMode: 1
  m_GateFitMode: 2
  m_FOVAxisMode: 0
  m_SensorSize: {x: 36, y: 24}
  m_LensShift: {x: 0, y: 0}
  m_FocalLength: 50
  m_NormalizedViewPortRect:
    serializedVersion: 2
    x: 0
    y: 0
    width: 1
    height: 1
  near clip plane: 0.3
  far clip plane: 1000
  field of view: 60
  orthographic: 0
  orthographic size: 5
  m_Depth: -1
  m_CullingMask:
    serializedVersion: 2
    m_Bits: 4294967295
  m_RenderingPath: -1
  m_TargetTexture: {fileID: 0}
  m_TargetDisplay: 0
  m_TargetEye: 3
  m_HDR: 1
  m_AllowMSAA: 1
  m_AllowDynamicResolution: 0
  m_ForceIntoRT: 0
  m_OcclusionCulling: 1
  m_StereoConvergence: 10
  m_StereoSeparation: 0.022
--- !u!4 &871171073
Transform:
  m_ObjectHideFlags: 0
  m_CorrespondingSourceObject: {fileID: 0}
  m_PrefabInstance: {fileID: 0}
  m_PrefabAsset: {fileID: 0}
  m_GameObject: {fileID: 871171070}
  m_LocalRotation: {x: 0.34821546, y: -0.000000016129514, z: 0.0000000059915277, w: 0.9374146}
  m_LocalPosition: {x: -0.11474974, y: 168.78, z: -200.20566}
  m_LocalScale: {x: 1, y: 1, z: 1}
  m_Children: []
  m_Father: {fileID: 0}
  m_RootOrder: 1
  m_LocalEulerAnglesHint: {x: 56.4, y: 0, z: 0}
--- !u!114 &871171074
MonoBehaviour:
  m_ObjectHideFlags: 0
  m_CorrespondingSourceObject: {fileID: 0}
  m_PrefabInstance: {fileID: 0}
  m_PrefabAsset: {fileID: 0}
  m_GameObject: {fileID: 871171070}
  m_Enabled: 1
  m_EditorHideFlags: 0
  m_Script: {fileID: 11500000, guid: c49b4cc203aa6414fae5c798d1d0e7d6, type: 3}
  m_Name: 
  m_EditorClassIdentifier: 
  m_EventMask:
    serializedVersion: 2
    m_Bits: 4294967295
  m_MaxRayIntersections: 0
--- !u!114 &871171075
MonoBehaviour:
  m_ObjectHideFlags: 0
  m_CorrespondingSourceObject: {fileID: 0}
  m_PrefabInstance: {fileID: 0}
  m_PrefabAsset: {fileID: 0}
  m_GameObject: {fileID: 871171070}
  m_Enabled: 1
  m_EditorHideFlags: 0
  m_Script: {fileID: 11500000, guid: 72ece51f2901e7445ab60da3685d6b5f, type: 3}
  m_Name: 
  m_EditorClassIdentifier: 
  m_ShowDebugText: 0
  m_ShowCameraFrustum: 1
  m_IgnoreTimeScale: 0
  m_WorldUpOverride: {fileID: 0}
  m_UpdateMethod: 2
  m_BlendUpdateMethod: 1
  m_DefaultBlend:
    m_Style: 1
    m_Time: 2
    m_CustomCurve:
      serializedVersion: 2
      m_Curve: []
      m_PreInfinity: 2
      m_PostInfinity: 2
      m_RotationOrder: 4
  m_CustomBlends: {fileID: 0}
  m_CameraCutEvent:
    m_PersistentCalls:
      m_Calls: []
  m_CameraActivatedEvent:
    m_PersistentCalls:
      m_Calls: []
--- !u!4 &914149295 stripped
Transform:
  m_CorrespondingSourceObject: {fileID: 1588949911831308361, guid: e7228a87a709f42b190f802d21f89a36, type: 3}
  m_PrefabInstance: {fileID: 7417427366129186172}
  m_PrefabAsset: {fileID: 0}
--- !u!1 &1093358745
GameObject:
  m_ObjectHideFlags: 0
  m_CorrespondingSourceObject: {fileID: 0}
  m_PrefabInstance: {fileID: 0}
  m_PrefabAsset: {fileID: 0}
  serializedVersion: 6
  m_Component:
  - component: {fileID: 1093358748}
  - component: {fileID: 1093358747}
  - component: {fileID: 1093358746}
  m_Layer: 0
  m_Name: EventSystem
  m_TagString: Untagged
  m_Icon: {fileID: 0}
  m_NavMeshLayer: 0
  m_StaticEditorFlags: 0
  m_IsActive: 1
--- !u!114 &1093358746
MonoBehaviour:
  m_ObjectHideFlags: 0
  m_CorrespondingSourceObject: {fileID: 0}
  m_PrefabInstance: {fileID: 0}
  m_PrefabAsset: {fileID: 0}
  m_GameObject: {fileID: 1093358745}
  m_Enabled: 1
  m_EditorHideFlags: 0
  m_Script: {fileID: 11500000, guid: 4f231c4fb786f3946a6b90b886c48677, type: 3}
  m_Name: 
  m_EditorClassIdentifier: 
  m_HorizontalAxis: Horizontal
  m_VerticalAxis: Vertical
  m_SubmitButton: Submit
  m_CancelButton: Cancel
  m_InputActionsPerSecond: 10
  m_RepeatDelay: 0.5
  m_ForceModuleActive: 0
--- !u!114 &1093358747
MonoBehaviour:
  m_ObjectHideFlags: 0
  m_CorrespondingSourceObject: {fileID: 0}
  m_PrefabInstance: {fileID: 0}
  m_PrefabAsset: {fileID: 0}
  m_GameObject: {fileID: 1093358745}
  m_Enabled: 1
  m_EditorHideFlags: 0
  m_Script: {fileID: 11500000, guid: 76c392e42b5098c458856cdf6ecaaaa1, type: 3}
  m_Name: 
  m_EditorClassIdentifier: 
  m_FirstSelected: {fileID: 0}
  m_sendNavigationEvents: 1
  m_DragThreshold: 10
--- !u!4 &1093358748
Transform:
  m_ObjectHideFlags: 0
  m_CorrespondingSourceObject: {fileID: 0}
  m_PrefabInstance: {fileID: 0}
  m_PrefabAsset: {fileID: 0}
  m_GameObject: {fileID: 1093358745}
  m_LocalRotation: {x: 0, y: 0, z: 0, w: 1}
  m_LocalPosition: {x: 0, y: 0, z: 0}
  m_LocalScale: {x: 1, y: 1, z: 1}
  m_Children: []
  m_Father: {fileID: 0}
  m_RootOrder: 4
  m_LocalEulerAnglesHint: {x: 0, y: 0, z: 0}
--- !u!1 &1205405445
GameObject:
  m_ObjectHideFlags: 3
  m_CorrespondingSourceObject: {fileID: 0}
  m_PrefabInstance: {fileID: 0}
  m_PrefabAsset: {fileID: 0}
  serializedVersion: 6
  m_Component:
  - component: {fileID: 1205405446}
  - component: {fileID: 1205405449}
  - component: {fileID: 1205405448}
  - component: {fileID: 1205405447}
  m_Layer: 0
  m_Name: cm
  m_TagString: Untagged
  m_Icon: {fileID: 0}
  m_NavMeshLayer: 0
  m_StaticEditorFlags: 0
  m_IsActive: 1
--- !u!4 &1205405446
Transform:
  m_ObjectHideFlags: 3
  m_CorrespondingSourceObject: {fileID: 0}
  m_PrefabInstance: {fileID: 0}
  m_PrefabAsset: {fileID: 0}
  m_GameObject: {fileID: 1205405445}
  m_LocalRotation: {x: -0, y: -0, z: -0, w: 1}
  m_LocalPosition: {x: 0, y: 0, z: 0}
  m_LocalScale: {x: 1, y: 1, z: 1}
  m_Children: []
  m_Father: {fileID: 1507170709}
  m_RootOrder: 0
  m_LocalEulerAnglesHint: {x: 0, y: 0, z: 0}
--- !u!114 &1205405447
MonoBehaviour:
  m_ObjectHideFlags: 3
  m_CorrespondingSourceObject: {fileID: 0}
  m_PrefabInstance: {fileID: 0}
  m_PrefabAsset: {fileID: 0}
  m_GameObject: {fileID: 1205405445}
  m_Enabled: 1
  m_EditorHideFlags: 0
  m_Script: {fileID: 11500000, guid: fa7155796051b734daa718462081dc5f, type: 3}
  m_Name: 
  m_EditorClassIdentifier: 
  m_BindingMode: 1
  m_FollowOffset: {x: 0, y: 168.28, z: -200}
  m_XDamping: 1
  m_YDamping: 1
  m_ZDamping: 1
  m_AngularDampingMode: 0
  m_PitchDamping: 0
  m_YawDamping: 0
  m_RollDamping: 0
  m_AngularDamping: 0
--- !u!114 &1205405448
MonoBehaviour:
  m_ObjectHideFlags: 3
  m_CorrespondingSourceObject: {fileID: 0}
  m_PrefabInstance: {fileID: 0}
  m_PrefabAsset: {fileID: 0}
  m_GameObject: {fileID: 1205405445}
  m_Enabled: 1
  m_EditorHideFlags: 0
  m_Script: {fileID: 11500000, guid: 0f7633c93f0364a418841eeb8b058634, type: 3}
  m_Name: 
  m_EditorClassIdentifier: 
  m_TrackedObjectOffset: {x: 0, y: -4.09, z: 0}
  m_LookaheadTime: 0
  m_LookaheadSmoothing: 0
  m_LookaheadIgnoreY: 0
  m_HorizontalDamping: 0.5
  m_VerticalDamping: 0.5
  m_ScreenX: 0.5
  m_ScreenY: 0.5
  m_DeadZoneWidth: 0
  m_DeadZoneHeight: 0
  m_SoftZoneWidth: 0.8
  m_SoftZoneHeight: 0.8
  m_BiasX: 0
  m_BiasY: 0
  m_CenterOnActivate: 1
  m_GroupFramingSize: 0.8
  m_FramingMode: 2
  m_FrameDamping: 2
  m_AdjustmentMode: 1
  m_MaxDollyIn: 5000
  m_MaxDollyOut: 5000
  m_MinimumDistance: 1
  m_MaximumDistance: 5000
  m_MinimumFOV: 3
  m_MaximumFOV: 60
  m_MinimumOrthoSize: 1
  m_MaximumOrthoSize: 5000
--- !u!114 &1205405449
MonoBehaviour:
  m_ObjectHideFlags: 3
  m_CorrespondingSourceObject: {fileID: 0}
  m_PrefabInstance: {fileID: 0}
  m_PrefabAsset: {fileID: 0}
  m_GameObject: {fileID: 1205405445}
  m_Enabled: 1
  m_EditorHideFlags: 0
  m_Script: {fileID: 11500000, guid: ac0b09e7857660247b1477e93731de29, type: 3}
  m_Name: 
  m_EditorClassIdentifier: 
--- !u!1 &1507170708
GameObject:
  m_ObjectHideFlags: 0
  m_CorrespondingSourceObject: {fileID: 0}
  m_PrefabInstance: {fileID: 0}
  m_PrefabAsset: {fileID: 0}
  serializedVersion: 6
  m_Component:
  - component: {fileID: 1507170709}
  - component: {fileID: 1507170710}
  m_Layer: 0
  m_Name: CM vcam2
  m_TagString: Untagged
  m_Icon: {fileID: 0}
  m_NavMeshLayer: 0
  m_StaticEditorFlags: 0
  m_IsActive: 1
--- !u!4 &1507170709
Transform:
  m_ObjectHideFlags: 0
  m_CorrespondingSourceObject: {fileID: 0}
  m_PrefabInstance: {fileID: 0}
  m_PrefabAsset: {fileID: 0}
  m_GameObject: {fileID: 1507170708}
  m_LocalRotation: {x: 0.34821546, y: -0.000000016129514, z: 0.0000000059915277, w: 0.9374146}
  m_LocalPosition: {x: -0.11474974, y: 168.78, z: -200.20566}
  m_LocalScale: {x: 1, y: 1, z: 1}
  m_Children:
  - {fileID: 1205405446}
  m_Father: {fileID: 790918759}
  m_RootOrder: 0
  m_LocalEulerAnglesHint: {x: 56.4, y: 0, z: 0}
--- !u!114 &1507170710
MonoBehaviour:
  m_ObjectHideFlags: 0
  m_CorrespondingSourceObject: {fileID: 0}
  m_PrefabInstance: {fileID: 0}
  m_PrefabAsset: {fileID: 0}
  m_GameObject: {fileID: 1507170708}
  m_Enabled: 1
  m_EditorHideFlags: 0
  m_Script: {fileID: 11500000, guid: 45e653bab7fb20e499bda25e1b646fea, type: 3}
  m_Name: 
  m_EditorClassIdentifier: 
  m_ExcludedPropertiesInInspector:
  - m_Script
  m_LockStageInInspector: 
  m_StreamingVersion: 20170927
  m_Priority: 10
  m_StandbyUpdate: 2
  m_LookAt: {fileID: 240349591}
  m_Follow: {fileID: 240349591}
  m_Lens:
    FieldOfView: 60
    OrthographicSize: 5
    NearClipPlane: 0.3
    FarClipPlane: 1000
    Dutch: 0
    LensShift: {x: 0, y: 0}
  m_Transitions:
    m_BlendHint: 0
    m_InheritPosition: 0
    m_OnCameraLive:
      m_PersistentCalls:
        m_Calls: []
  m_LegacyBlendHint: 0
  m_ComponentOwner: {fileID: 1205405446}
--- !u!4 &1536619483 stripped
Transform:
  m_CorrespondingSourceObject: {fileID: 602811216248484820, guid: e7228a87a709f42b190f802d21f89a36, type: 3}
  m_PrefabInstance: {fileID: 7417427366129186172}
  m_PrefabAsset: {fileID: 0}
--- !u!224 &3163998415096226169 stripped
RectTransform:
  m_CorrespondingSourceObject: {fileID: 5402918030858702754, guid: 60442923a2c554297a07cc83ab3b9a01, type: 3}
  m_PrefabInstance: {fileID: 6995148609601105627}
  m_PrefabAsset: {fileID: 0}
--- !u!114 &3331619550275217787 stripped
MonoBehaviour:
  m_CorrespondingSourceObject: {fileID: 8943259218099463999, guid: a68ede98fae24495e8758322bd4116b9, type: 3}
  m_PrefabInstance: {fileID: 5917902208647089732}
  m_PrefabAsset: {fileID: 0}
  m_GameObject: {fileID: 0}
  m_Enabled: 1
  m_EditorHideFlags: 0
  m_Script: {fileID: 11500000, guid: de71a7ae64224e699ffac68b240a86fc, type: 3}
  m_Name: 
  m_EditorClassIdentifier: 
--- !u!1001 &3674732250192442355
PrefabInstance:
  m_ObjectHideFlags: 0
  serializedVersion: 2
  m_Modification:
    m_TransformParent: {fileID: 276176585}
    m_Modifications:
    - target: {fileID: 3674732250760096751, guid: f7b8fb7fe6fb34932b754b6086107d35, type: 3}
      propertyPath: m_AnchorMax.x
      value: 0
      objectReference: {fileID: 0}
    - target: {fileID: 3674732250760096751, guid: f7b8fb7fe6fb34932b754b6086107d35, type: 3}
      propertyPath: m_AnchorMax.y
      value: 0
      objectReference: {fileID: 0}
    - target: {fileID: 3674732250919819715, guid: f7b8fb7fe6fb34932b754b6086107d35, type: 3}
      propertyPath: m_AnchorMax.x
      value: 0
      objectReference: {fileID: 0}
    - target: {fileID: 3674732250919819715, guid: f7b8fb7fe6fb34932b754b6086107d35, type: 3}
      propertyPath: m_AnchorMax.y
      value: 0
      objectReference: {fileID: 0}
    - target: {fileID: 3674732251511720872, guid: f7b8fb7fe6fb34932b754b6086107d35, type: 3}
      propertyPath: m_AnchorMax.x
      value: 0
      objectReference: {fileID: 0}
    - target: {fileID: 3674732251511720872, guid: f7b8fb7fe6fb34932b754b6086107d35, type: 3}
      propertyPath: m_AnchorMax.y
      value: 0
      objectReference: {fileID: 0}
    - target: {fileID: 3674732251511720872, guid: f7b8fb7fe6fb34932b754b6086107d35, type: 3}
      propertyPath: m_AnchorMin.x
      value: 0
      objectReference: {fileID: 0}
    - target: {fileID: 3951997791253144697, guid: f7b8fb7fe6fb34932b754b6086107d35, type: 3}
      propertyPath: m_AnchorMax.x
      value: 0
      objectReference: {fileID: 0}
    - target: {fileID: 3951997791253144697, guid: f7b8fb7fe6fb34932b754b6086107d35, type: 3}
      propertyPath: m_AnchorMax.y
      value: 0
      objectReference: {fileID: 0}
    - target: {fileID: 4226316416645723232, guid: f7b8fb7fe6fb34932b754b6086107d35, type: 3}
      propertyPath: m_Enabled
      value: 0
      objectReference: {fileID: 0}
    - target: {fileID: 4602204323639677025, guid: f7b8fb7fe6fb34932b754b6086107d35, type: 3}
      propertyPath: m_Name
      value: SimulationScreen
      objectReference: {fileID: 0}
    - target: {fileID: 5782355409211580495, guid: f7b8fb7fe6fb34932b754b6086107d35, type: 3}
      propertyPath: m_Pivot.x
      value: 0.5
      objectReference: {fileID: 0}
    - target: {fileID: 5782355409211580495, guid: f7b8fb7fe6fb34932b754b6086107d35, type: 3}
      propertyPath: m_Pivot.y
      value: 0.5
      objectReference: {fileID: 0}
    - target: {fileID: 5782355409211580495, guid: f7b8fb7fe6fb34932b754b6086107d35, type: 3}
      propertyPath: m_RootOrder
      value: 1
      objectReference: {fileID: 0}
    - target: {fileID: 5782355409211580495, guid: f7b8fb7fe6fb34932b754b6086107d35, type: 3}
      propertyPath: m_AnchorMax.x
      value: 1
      objectReference: {fileID: 0}
    - target: {fileID: 5782355409211580495, guid: f7b8fb7fe6fb34932b754b6086107d35, type: 3}
      propertyPath: m_AnchorMax.y
      value: 1
      objectReference: {fileID: 0}
    - target: {fileID: 5782355409211580495, guid: f7b8fb7fe6fb34932b754b6086107d35, type: 3}
      propertyPath: m_AnchorMin.x
      value: 0
      objectReference: {fileID: 0}
    - target: {fileID: 5782355409211580495, guid: f7b8fb7fe6fb34932b754b6086107d35, type: 3}
      propertyPath: m_AnchorMin.y
      value: 0
      objectReference: {fileID: 0}
    - target: {fileID: 5782355409211580495, guid: f7b8fb7fe6fb34932b754b6086107d35, type: 3}
      propertyPath: m_SizeDelta.x
      value: 0
      objectReference: {fileID: 0}
    - target: {fileID: 5782355409211580495, guid: f7b8fb7fe6fb34932b754b6086107d35, type: 3}
      propertyPath: m_SizeDelta.y
      value: 0
      objectReference: {fileID: 0}
    - target: {fileID: 5782355409211580495, guid: f7b8fb7fe6fb34932b754b6086107d35, type: 3}
      propertyPath: m_LocalPosition.x
      value: 0
      objectReference: {fileID: 0}
    - target: {fileID: 5782355409211580495, guid: f7b8fb7fe6fb34932b754b6086107d35, type: 3}
      propertyPath: m_LocalPosition.y
      value: 0
      objectReference: {fileID: 0}
    - target: {fileID: 5782355409211580495, guid: f7b8fb7fe6fb34932b754b6086107d35, type: 3}
      propertyPath: m_LocalPosition.z
      value: 0
      objectReference: {fileID: 0}
    - target: {fileID: 5782355409211580495, guid: f7b8fb7fe6fb34932b754b6086107d35, type: 3}
      propertyPath: m_LocalRotation.w
      value: 1
      objectReference: {fileID: 0}
    - target: {fileID: 5782355409211580495, guid: f7b8fb7fe6fb34932b754b6086107d35, type: 3}
      propertyPath: m_LocalRotation.x
      value: 0
      objectReference: {fileID: 0}
    - target: {fileID: 5782355409211580495, guid: f7b8fb7fe6fb34932b754b6086107d35, type: 3}
      propertyPath: m_LocalRotation.y
      value: 0
      objectReference: {fileID: 0}
    - target: {fileID: 5782355409211580495, guid: f7b8fb7fe6fb34932b754b6086107d35, type: 3}
      propertyPath: m_LocalRotation.z
      value: 0
      objectReference: {fileID: 0}
    - target: {fileID: 5782355409211580495, guid: f7b8fb7fe6fb34932b754b6086107d35, type: 3}
      propertyPath: m_AnchoredPosition.x
      value: 0
      objectReference: {fileID: 0}
    - target: {fileID: 5782355409211580495, guid: f7b8fb7fe6fb34932b754b6086107d35, type: 3}
      propertyPath: m_AnchoredPosition.y
      value: 0
      objectReference: {fileID: 0}
    - target: {fileID: 5782355409211580495, guid: f7b8fb7fe6fb34932b754b6086107d35, type: 3}
      propertyPath: m_LocalEulerAnglesHint.x
      value: 0
      objectReference: {fileID: 0}
    - target: {fileID: 5782355409211580495, guid: f7b8fb7fe6fb34932b754b6086107d35, type: 3}
      propertyPath: m_LocalEulerAnglesHint.y
      value: 0
      objectReference: {fileID: 0}
    - target: {fileID: 5782355409211580495, guid: f7b8fb7fe6fb34932b754b6086107d35, type: 3}
      propertyPath: m_LocalEulerAnglesHint.z
      value: 0
      objectReference: {fileID: 0}
    - target: {fileID: 8662502001916407134, guid: f7b8fb7fe6fb34932b754b6086107d35, type: 3}
      propertyPath: m_AnchorMax.x
      value: 0
      objectReference: {fileID: 0}
    - target: {fileID: 8662502001916407134, guid: f7b8fb7fe6fb34932b754b6086107d35, type: 3}
      propertyPath: m_AnchorMax.y
      value: 0
      objectReference: {fileID: 0}
    m_RemovedComponents: []
  m_SourcePrefab: {fileID: 100100000, guid: f7b8fb7fe6fb34932b754b6086107d35, type: 3}
--- !u!224 &3674732250192442356 stripped
RectTransform:
  m_CorrespondingSourceObject: {fileID: 5782355409211580495, guid: f7b8fb7fe6fb34932b754b6086107d35, type: 3}
  m_PrefabInstance: {fileID: 3674732250192442355}
  m_PrefabAsset: {fileID: 0}
--- !u!114 &3674732250192442357 stripped
MonoBehaviour:
  m_CorrespondingSourceObject: {fileID: 1012717958303932518, guid: f7b8fb7fe6fb34932b754b6086107d35, type: 3}
  m_PrefabInstance: {fileID: 3674732250192442355}
  m_PrefabAsset: {fileID: 0}
  m_GameObject: {fileID: 0}
  m_Enabled: 1
  m_EditorHideFlags: 0
  m_Script: {fileID: 11500000, guid: 40148948357a45c19cd6c00b72990212, type: 3}
  m_Name: 
  m_EditorClassIdentifier: 
--- !u!114 &3674732250192442358 stripped
MonoBehaviour:
  m_CorrespondingSourceObject: {fileID: 3182537696634643781, guid: f7b8fb7fe6fb34932b754b6086107d35, type: 3}
  m_PrefabInstance: {fileID: 3674732250192442355}
  m_PrefabAsset: {fileID: 0}
  m_GameObject: {fileID: 0}
  m_Enabled: 1
  m_EditorHideFlags: 0
  m_Script: {fileID: 11500000, guid: a7d3f50061ae405f98312ddac319167a, type: 3}
  m_Name: 
  m_EditorClassIdentifier: 
--- !u!1001 &4674919133586454514
PrefabInstance:
  m_ObjectHideFlags: 0
  serializedVersion: 2
  m_Modification:
    m_TransformParent: {fileID: 0}
    m_Modifications:
    - target: {fileID: 8527838609285505380, guid: f1b7e10c179ba4a25afa6563952d142c, type: 3}
      propertyPath: m_Name
      value: FinishBorder
      objectReference: {fileID: 0}
    - target: {fileID: 8889428217471399278, guid: f1b7e10c179ba4a25afa6563952d142c, type: 3}
      propertyPath: m_RootOrder
      value: 6
      objectReference: {fileID: 0}
    - target: {fileID: 8889428217471399278, guid: f1b7e10c179ba4a25afa6563952d142c, type: 3}
      propertyPath: m_LocalPosition.x
      value: 7.18
      objectReference: {fileID: 0}
    - target: {fileID: 8889428217471399278, guid: f1b7e10c179ba4a25afa6563952d142c, type: 3}
      propertyPath: m_LocalPosition.y
      value: 0
      objectReference: {fileID: 0}
    - target: {fileID: 8889428217471399278, guid: f1b7e10c179ba4a25afa6563952d142c, type: 3}
      propertyPath: m_LocalPosition.z
      value: 8.68
      objectReference: {fileID: 0}
    - target: {fileID: 8889428217471399278, guid: f1b7e10c179ba4a25afa6563952d142c, type: 3}
      propertyPath: m_LocalRotation.w
      value: 1
      objectReference: {fileID: 0}
    - target: {fileID: 8889428217471399278, guid: f1b7e10c179ba4a25afa6563952d142c, type: 3}
      propertyPath: m_LocalRotation.x
      value: 0
      objectReference: {fileID: 0}
    - target: {fileID: 8889428217471399278, guid: f1b7e10c179ba4a25afa6563952d142c, type: 3}
      propertyPath: m_LocalRotation.y
      value: 0
      objectReference: {fileID: 0}
    - target: {fileID: 8889428217471399278, guid: f1b7e10c179ba4a25afa6563952d142c, type: 3}
      propertyPath: m_LocalRotation.z
      value: 0
      objectReference: {fileID: 0}
    - target: {fileID: 8889428217471399278, guid: f1b7e10c179ba4a25afa6563952d142c, type: 3}
      propertyPath: m_LocalEulerAnglesHint.x
      value: 0
      objectReference: {fileID: 0}
    - target: {fileID: 8889428217471399278, guid: f1b7e10c179ba4a25afa6563952d142c, type: 3}
      propertyPath: m_LocalEulerAnglesHint.y
      value: 0
      objectReference: {fileID: 0}
    - target: {fileID: 8889428217471399278, guid: f1b7e10c179ba4a25afa6563952d142c, type: 3}
      propertyPath: m_LocalEulerAnglesHint.z
      value: 0
      objectReference: {fileID: 0}
    m_RemovedComponents: []
  m_SourcePrefab: {fileID: 100100000, guid: f1b7e10c179ba4a25afa6563952d142c, type: 3}
--- !u!1001 &5917902208647089732
PrefabInstance:
  m_ObjectHideFlags: 0
  serializedVersion: 2
  m_Modification:
    m_TransformParent: {fileID: 0}
    m_Modifications:
    - target: {fileID: 2368618755258960143, guid: a68ede98fae24495e8758322bd4116b9, type: 3}
      propertyPath: m_RootOrder
      value: 7
      objectReference: {fileID: 0}
    - target: {fileID: 2368618755258960143, guid: a68ede98fae24495e8758322bd4116b9, type: 3}
      propertyPath: m_LocalPosition.x
      value: -7.47
      objectReference: {fileID: 0}
    - target: {fileID: 2368618755258960143, guid: a68ede98fae24495e8758322bd4116b9, type: 3}
      propertyPath: m_LocalPosition.y
      value: 0
      objectReference: {fileID: 0}
    - target: {fileID: 2368618755258960143, guid: a68ede98fae24495e8758322bd4116b9, type: 3}
      propertyPath: m_LocalPosition.z
      value: -9.1
      objectReference: {fileID: 0}
    - target: {fileID: 2368618755258960143, guid: a68ede98fae24495e8758322bd4116b9, type: 3}
      propertyPath: m_LocalRotation.w
      value: 1
      objectReference: {fileID: 0}
    - target: {fileID: 2368618755258960143, guid: a68ede98fae24495e8758322bd4116b9, type: 3}
      propertyPath: m_LocalRotation.x
      value: 0
      objectReference: {fileID: 0}
    - target: {fileID: 2368618755258960143, guid: a68ede98fae24495e8758322bd4116b9, type: 3}
      propertyPath: m_LocalRotation.y
      value: 0
      objectReference: {fileID: 0}
    - target: {fileID: 2368618755258960143, guid: a68ede98fae24495e8758322bd4116b9, type: 3}
      propertyPath: m_LocalRotation.z
      value: 0
      objectReference: {fileID: 0}
    - target: {fileID: 2368618755258960143, guid: a68ede98fae24495e8758322bd4116b9, type: 3}
      propertyPath: m_LocalEulerAnglesHint.x
      value: 0
      objectReference: {fileID: 0}
    - target: {fileID: 2368618755258960143, guid: a68ede98fae24495e8758322bd4116b9, type: 3}
      propertyPath: m_LocalEulerAnglesHint.y
      value: 0
      objectReference: {fileID: 0}
    - target: {fileID: 2368618755258960143, guid: a68ede98fae24495e8758322bd4116b9, type: 3}
      propertyPath: m_LocalEulerAnglesHint.z
      value: 0
      objectReference: {fileID: 0}
    - target: {fileID: 3304069690332830981, guid: a68ede98fae24495e8758322bd4116b9, type: 3}
      propertyPath: m_Name
      value: StartBorder
      objectReference: {fileID: 0}
    m_RemovedComponents: []
  m_SourcePrefab: {fileID: 100100000, guid: a68ede98fae24495e8758322bd4116b9, type: 3}
--- !u!1001 &6995148609601105627
PrefabInstance:
  m_ObjectHideFlags: 0
  serializedVersion: 2
  m_Modification:
    m_TransformParent: {fileID: 276176585}
    m_Modifications:
    - target: {fileID: 2333687775753034637, guid: 60442923a2c554297a07cc83ab3b9a01, type: 3}
      propertyPath: m_Enabled
      value: 0
      objectReference: {fileID: 0}
    - target: {fileID: 2673546891642339212, guid: 60442923a2c554297a07cc83ab3b9a01, type: 3}
      propertyPath: m_Name
      value: TTSScreen
      objectReference: {fileID: 0}
    - target: {fileID: 5402918030858702754, guid: 60442923a2c554297a07cc83ab3b9a01, type: 3}
      propertyPath: m_Pivot.x
      value: 0.5
      objectReference: {fileID: 0}
    - target: {fileID: 5402918030858702754, guid: 60442923a2c554297a07cc83ab3b9a01, type: 3}
      propertyPath: m_Pivot.y
      value: 0.5
      objectReference: {fileID: 0}
    - target: {fileID: 5402918030858702754, guid: 60442923a2c554297a07cc83ab3b9a01, type: 3}
      propertyPath: m_RootOrder
      value: 0
      objectReference: {fileID: 0}
    - target: {fileID: 5402918030858702754, guid: 60442923a2c554297a07cc83ab3b9a01, type: 3}
      propertyPath: m_AnchorMax.x
      value: 1
      objectReference: {fileID: 0}
    - target: {fileID: 5402918030858702754, guid: 60442923a2c554297a07cc83ab3b9a01, type: 3}
      propertyPath: m_AnchorMax.y
      value: 1
      objectReference: {fileID: 0}
    - target: {fileID: 5402918030858702754, guid: 60442923a2c554297a07cc83ab3b9a01, type: 3}
      propertyPath: m_AnchorMin.x
      value: 0
      objectReference: {fileID: 0}
    - target: {fileID: 5402918030858702754, guid: 60442923a2c554297a07cc83ab3b9a01, type: 3}
      propertyPath: m_AnchorMin.y
      value: 0
      objectReference: {fileID: 0}
    - target: {fileID: 5402918030858702754, guid: 60442923a2c554297a07cc83ab3b9a01, type: 3}
      propertyPath: m_SizeDelta.x
      value: 0
      objectReference: {fileID: 0}
    - target: {fileID: 5402918030858702754, guid: 60442923a2c554297a07cc83ab3b9a01, type: 3}
      propertyPath: m_SizeDelta.y
      value: 0
      objectReference: {fileID: 0}
    - target: {fileID: 5402918030858702754, guid: 60442923a2c554297a07cc83ab3b9a01, type: 3}
      propertyPath: m_LocalPosition.x
      value: 0
      objectReference: {fileID: 0}
    - target: {fileID: 5402918030858702754, guid: 60442923a2c554297a07cc83ab3b9a01, type: 3}
      propertyPath: m_LocalPosition.y
      value: 0
      objectReference: {fileID: 0}
    - target: {fileID: 5402918030858702754, guid: 60442923a2c554297a07cc83ab3b9a01, type: 3}
      propertyPath: m_LocalPosition.z
      value: 0
      objectReference: {fileID: 0}
    - target: {fileID: 5402918030858702754, guid: 60442923a2c554297a07cc83ab3b9a01, type: 3}
      propertyPath: m_LocalRotation.w
      value: 1
      objectReference: {fileID: 0}
    - target: {fileID: 5402918030858702754, guid: 60442923a2c554297a07cc83ab3b9a01, type: 3}
      propertyPath: m_LocalRotation.x
      value: 0
      objectReference: {fileID: 0}
    - target: {fileID: 5402918030858702754, guid: 60442923a2c554297a07cc83ab3b9a01, type: 3}
      propertyPath: m_LocalRotation.y
      value: 0
      objectReference: {fileID: 0}
    - target: {fileID: 5402918030858702754, guid: 60442923a2c554297a07cc83ab3b9a01, type: 3}
      propertyPath: m_LocalRotation.z
      value: 0
      objectReference: {fileID: 0}
    - target: {fileID: 5402918030858702754, guid: 60442923a2c554297a07cc83ab3b9a01, type: 3}
      propertyPath: m_AnchoredPosition.x
      value: 0
      objectReference: {fileID: 0}
    - target: {fileID: 5402918030858702754, guid: 60442923a2c554297a07cc83ab3b9a01, type: 3}
      propertyPath: m_AnchoredPosition.y
      value: 0
      objectReference: {fileID: 0}
    - target: {fileID: 5402918030858702754, guid: 60442923a2c554297a07cc83ab3b9a01, type: 3}
      propertyPath: m_LocalEulerAnglesHint.x
      value: 0
      objectReference: {fileID: 0}
    - target: {fileID: 5402918030858702754, guid: 60442923a2c554297a07cc83ab3b9a01, type: 3}
      propertyPath: m_LocalEulerAnglesHint.y
      value: 0
      objectReference: {fileID: 0}
    - target: {fileID: 5402918030858702754, guid: 60442923a2c554297a07cc83ab3b9a01, type: 3}
      propertyPath: m_LocalEulerAnglesHint.z
      value: 0
      objectReference: {fileID: 0}
    - target: {fileID: 7608227324144221448, guid: 60442923a2c554297a07cc83ab3b9a01, type: 3}
      propertyPath: m_Enabled
      value: 0
      objectReference: {fileID: 0}
    m_RemovedComponents:
    - {fileID: 1497989310784393099, guid: 60442923a2c554297a07cc83ab3b9a01, type: 3}
  m_SourcePrefab: {fileID: 100100000, guid: 60442923a2c554297a07cc83ab3b9a01, type: 3}
--- !u!114 &6995148609601105628 stripped
MonoBehaviour:
  m_CorrespondingSourceObject: {fileID: 6619340615477910096, guid: 60442923a2c554297a07cc83ab3b9a01, type: 3}
  m_PrefabInstance: {fileID: 6995148609601105627}
  m_PrefabAsset: {fileID: 0}
  m_GameObject: {fileID: 0}
  m_Enabled: 1
  m_EditorHideFlags: 0
  m_Script: {fileID: 11500000, guid: be43b4c6ddf346b8ab03a27439d0c52c, type: 3}
  m_Name: 
  m_EditorClassIdentifier: 
--- !u!1001 &7417427366129186172
PrefabInstance:
  m_ObjectHideFlags: 0
  serializedVersion: 2
  m_Modification:
    m_TransformParent: {fileID: 0}
    m_Modifications:
    - target: {fileID: 7417427365113338028, guid: e7228a87a709f42b190f802d21f89a36, type: 3}
      propertyPath: m_RootOrder
      value: 5
      objectReference: {fileID: 0}
    - target: {fileID: 7417427365113338028, guid: e7228a87a709f42b190f802d21f89a36, type: 3}
      propertyPath: m_LocalPosition.x
      value: 0
      objectReference: {fileID: 0}
    - target: {fileID: 7417427365113338028, guid: e7228a87a709f42b190f802d21f89a36, type: 3}
      propertyPath: m_LocalPosition.y
      value: 0
      objectReference: {fileID: 0}
    - target: {fileID: 7417427365113338028, guid: e7228a87a709f42b190f802d21f89a36, type: 3}
      propertyPath: m_LocalPosition.z
      value: 0
      objectReference: {fileID: 0}
    - target: {fileID: 7417427365113338028, guid: e7228a87a709f42b190f802d21f89a36, type: 3}
      propertyPath: m_LocalRotation.w
      value: 1
      objectReference: {fileID: 0}
    - target: {fileID: 7417427365113338028, guid: e7228a87a709f42b190f802d21f89a36, type: 3}
      propertyPath: m_LocalRotation.x
      value: 0
      objectReference: {fileID: 0}
    - target: {fileID: 7417427365113338028, guid: e7228a87a709f42b190f802d21f89a36, type: 3}
      propertyPath: m_LocalRotation.y
      value: 0
      objectReference: {fileID: 0}
    - target: {fileID: 7417427365113338028, guid: e7228a87a709f42b190f802d21f89a36, type: 3}
      propertyPath: m_LocalRotation.z
      value: 0
      objectReference: {fileID: 0}
    - target: {fileID: 7417427365113338028, guid: e7228a87a709f42b190f802d21f89a36, type: 3}
      propertyPath: m_LocalEulerAnglesHint.x
      value: 0
      objectReference: {fileID: 0}
    - target: {fileID: 7417427365113338028, guid: e7228a87a709f42b190f802d21f89a36, type: 3}
      propertyPath: m_LocalEulerAnglesHint.y
      value: 0
      objectReference: {fileID: 0}
    - target: {fileID: 7417427365113338028, guid: e7228a87a709f42b190f802d21f89a36, type: 3}
      propertyPath: m_LocalEulerAnglesHint.z
      value: 0
      objectReference: {fileID: 0}
    - target: {fileID: 7417427365113338032, guid: e7228a87a709f42b190f802d21f89a36, type: 3}
      propertyPath: m_Name
      value: Ground
      objectReference: {fileID: 0}
    m_RemovedComponents: []
  m_SourcePrefab: {fileID: 100100000, guid: e7228a87a709f42b190f802d21f89a36, type: 3}
--- !u!114 &7417427366129186173 stripped
MonoBehaviour:
  m_CorrespondingSourceObject: {fileID: 6711404226197430989, guid: e7228a87a709f42b190f802d21f89a36, type: 3}
  m_PrefabInstance: {fileID: 7417427366129186172}
  m_PrefabAsset: {fileID: 0}
  m_GameObject: {fileID: 0}
  m_Enabled: 1
  m_EditorHideFlags: 0
  m_Script: {fileID: 11500000, guid: ca69a5cd9e394ceea41e7baff383c352, type: 3}
  m_Name: 
  m_EditorClassIdentifier: 
--- !u!114 &7417427366129186174 stripped
MonoBehaviour:
  m_CorrespondingSourceObject: {fileID: 3173593372380532681, guid: e7228a87a709f42b190f802d21f89a36, type: 3}
  m_PrefabInstance: {fileID: 7417427366129186172}
  m_PrefabAsset: {fileID: 0}
  m_GameObject: {fileID: 0}
  m_Enabled: 1
  m_EditorHideFlags: 0
  m_Script: {fileID: 11500000, guid: ca69a5cd9e394ceea41e7baff383c352, type: 3}
  m_Name: 
  m_EditorClassIdentifier: 
